https://www.blackhat.com/docs/us-16/materials/us-16-Luan-Ouroboros-Tearing-Xen-Hypervisor-With-The-Snake-wp.pdf

@techreport{sev-api-doc,
    author="AMD",
    title={Secure Encrypted Virtualization API Version 0.14},
    url={https://developer.amd.com/wp-content/resources/55766_SEV-KM-API_Specification.pdf},
}
